<record><leader>00000cas a22000007a 4500</leader><controlfield tag="001">10525076</controlfield><controlfield tag="008">840315d18721875orudn ne      0    0eng d</controlfield><datafield ind1=" " ind2=" " tag="010"><subfield code="a">sn 84022666 </subfield></datafield><datafield ind1=" " ind2=" " tag="040"><subfield code="a">NPX</subfield><subfield code="b">eng</subfield><subfield code="c">NPX</subfield><subfield code="d">NPU</subfield><subfield code="d">MGN</subfield><subfield code="d">CNK</subfield><subfield code="d">OCLCG</subfield><subfield code="d">UBY</subfield><subfield code="d">ORU</subfield><subfield code="d">AQM</subfield><subfield code="d">OCLCQ</subfield><subfield code="d">OCLCF</subfield><subfield code="d">OCL</subfield></datafield><datafield ind1=" " ind2=" " tag="019"><subfield code="a">192099457</subfield></datafield><datafield ind1=" " ind2=" " tag="042"><subfield code="a">msc</subfield></datafield><datafield ind1=" " ind2=" " tag="043"><subfield code="a">n-us-or</subfield></datafield><datafield ind1="0" ind2=" " tag="130"><subfield code="a">Daily bulletin (Portland, Or. : 1872)</subfield></datafield><datafield ind1="1" ind2="4" tag="245"><subfield code="a">The daily bulletin.</subfield></datafield><datafield ind1="1" ind2="3" tag="246"><subfield code="a">Daily Oregon bulletin</subfield></datafield><datafield ind1=" " ind2=" " tag="260"><subfield code="a">Portland, Or. :</subfield><subfield code="b">James O'Meara,</subfield><subfield code="c">[1872-1875]</subfield></datafield><datafield ind1=" " ind2=" " tag="300"><subfield code="a">v. ;</subfield><subfield code="c">60 cm.</subfield></datafield><datafield ind1=" " ind2=" " tag="310"><subfield code="a">Daily (except Sun.)</subfield></datafield><datafield ind1="0" ind2=" " tag="362"><subfield code="a">Vol. 5, no. 106 (Nov. 11, 1872)-</subfield></datafield><datafield ind1="1" ind2=" " tag="362"><subfield code="a">Ceased Sept. 4, 1875.</subfield></datafield><datafield ind1=" " ind2=" " tag="500"><subfield code="a">Editors: J. O'Meara, 1872-&lt;1873&gt;; H.W. Scott, 1872-&lt;1873&gt;; T.B. Odeneal, &lt;1872&gt;-1875; J. Gaston, 1874-1875.</subfield></datafield><datafield ind1=" " ind2=" " tag="500"><subfield code="a">Publishers: J. O'Meara, &lt;1872&gt;; Oregon Bulletin Printing and Publishing Co., &lt;1873&gt;-1875.</subfield></datafield><datafield ind1=" " ind2=" " tag="530"><subfield code="a">Also issued on microfilm from University of Oregon.</subfield></datafield><datafield ind1=" " ind2="0" tag="651"><subfield code="a">Portland (Or.)</subfield><subfield code="v">Newspapers.</subfield></datafield><datafield ind1=" " ind2="7" tag="651"><subfield code="a">Oregon</subfield><subfield code="z">Portland.</subfield><subfield code="2">fast</subfield><subfield code="0">(OCoLC)fst01204325</subfield></datafield><datafield ind1=" " ind2="7" tag="655"><subfield code="a">Newspapers.</subfield><subfield code="2">rbgenr</subfield></datafield><datafield ind1=" " ind2="7" tag="655"><subfield code="a">Newspapers.</subfield><subfield code="2">fast</subfield><subfield code="0">(OCoLC)fst01423814</subfield></datafield><datafield ind1="1" ind2=" " tag="700"><subfield code="a">Gaston, Joseph,</subfield><subfield code="d">1833-1913.</subfield></datafield><datafield ind1="1" ind2=" " tag="700"><subfield code="a">O'Meara, James,</subfield><subfield code="d">1825-1903.</subfield></datafield><datafield ind1="1" ind2=" " tag="700"><subfield code="a">Scott, Harvey W.</subfield><subfield code="q">(Harvey Whitefield),</subfield><subfield code="d">1838-1910.</subfield></datafield><datafield ind1="1" ind2=" " tag="700"><subfield code="a">Odeneal, Thomas Benton.</subfield></datafield><datafield ind1=" " ind2=" " tag="752"><subfield code="a">United States</subfield><subfield code="b">Oregon</subfield><subfield code="c">Multnomah</subfield><subfield code="d">Portland.</subfield></datafield><datafield ind1="0" ind2=" " tag="775"><subfield code="t">Weekly Oregon bulletin</subfield><subfield code="w">(DLC)sn 92057002</subfield><subfield code="w">(OCoLC)25794421</subfield></datafield><datafield ind1="0" ind2="0" tag="780"><subfield code="t">Morning bulletin (Portland, Or.)</subfield><subfield code="w">(DLC)sn 93051647</subfield><subfield code="w">(OCoLC)30643950</subfield></datafield><datafield ind1="1" ind2=" " tag="029"><subfield code="a">AU@</subfield><subfield code="b">000025817417</subfield></datafield></record>